@book{sarapa2002vjerojatnost,
  title={Teorija vjerojatnosti},
  author={Sarapa, N.},
  isbn={9789530308169},
  year={2002},
  publisher={{\v{S}}kolska knjiga}
},

@book{shiryaev1995probability,
  title={Probability},
  author={Shiryaev, A. and Wilson, S.S.},
  isbn={9780387945491},
  lccn={83014813},
  series={Graduate Texts in Mathematics},
  year={1995},
  publisher={Springer}
},

@book{allan2012probability,
  title={Probability: A Graduate Course},
  author={Allan Gut},
  isbn={9781461447078},
  lccn={2012941281},
  series={Springer texts in statistics},
  year={2012},
  publisher={Springer}
},

@article{Fawcett:2006:IRA:1159473.1159475,
 author = {Fawcett, Tom},
 title = {An introduction to ROC analysis},
 journal = {Pattern Recogn. Lett.},
 issue_date = {June 2006},
 volume = {27},
 number = {8},
 month = jun,
 year = {2006},
 issn = {0167-8655},
 pages = {861--874},
 numpages = {14},
 url = {http://dx.doi.org/10.1016/j.patrec.2005.10.010},
 doi = {10.1016/j.patrec.2005.10.010},
 acmid = {1159475},
 publisher = {Elsevier Science Inc.},
 address = {New York, NY, USA},
 keywords = {Classifier evaluation, Evaluation metrics, ROC analysis},
},

@book{silverman1986density,
  title={Density Estimation for Statistics and Data Analysis},
  author={Silverman, B.W.},
  isbn={9780412246203},
  lccn={86021347},
  series={Monographs on applied probability and statistics},
  url={http://books.google.de/books?id=e-xsrjsL7WkC},
  year={1986},
  publisher={Chapman and Hall}
},

@article{Cao:1994:CSS:180790.180794,
 author = {Cao, Ricardo and Cuevas, Antonio and Manteiga, Wensceslao Gonz\'{a}lez},
 title = {A comparative study of several smoothing methods in density estimation},
 journal = {Comput. Stat. Data Anal.},
 issue_date = {Feb. 1994},
 volume = {17},
 number = {2},
 month = feb,
 year = {1994},
 issn = {0167-9473},
 pages = {153--176},
 numpages = {24},
 url = {http://dx.doi.org/10.1016/0167-9473(92)00066-Z},
 doi = {10.1016/0167-9473(92)00066-Z},
 acmid = {180794},
 publisher = {Elsevier Science Publishers B. V.},
 address = {Amsterdam, The Netherlands, The Netherlands},
 keywords = {bandwidth choice, bootstrap bandwidths, comparisons by simulation, cross-validation bandwidths, double kernel method, fast Fourier transform, inflection points bandwidths, kernel density estimators, plug-in bandwidths},
}, 

@book{ross2012simulation,
  title={Simulation},
  author={Ross, S.M.},
  isbn={9780124159716},
  url={http://books.google.hr/books?id=sZjDT6MQGF4C},
  year={2012},
  publisher={Elsevier Science}
},

@book{asmussen2007stochastic,
  title={Stochastic Simulation: Algorithms and Analysis},
  author={Asmussen, S. and Glynn, P.W.},
  isbn={9780387690339},
  lccn={2007926471},
  series={Applications of Mathematics},
  url={http://books.google.hr/books?id=vMI2MdxchU0C},
  year={2007},
  publisher={Springer Science+Business Media, LLC}
},

@book{pausestatistika,
  title={Uvod u matematičku statistiku},
  author={Pauše, Željko},
  year={1993},
  publisher={Školska knjiga}
},

@book{pausevjerojatnost,
  title={Vjerojatnost - informacija, stohastički procesi},
  author={Pauše, Željko},
  year={2003},
  pages={263},
  publisher={Školska knjiga}
},

@online{vondra2013ml,
  author = {Vondraček, Zoran},
  title = {Markovljevi lanci},
  year = 2013,
  url = {http://web.math.pmf.unizg.hr/~vondra/ml13-predavanja.html},
  urldate = {2013-12-02}
},

@online{hjp,
  author = {Hrvatski jezični portal},
  url = {http://hjp.novi-liber.hr/},
  urldate = {2013-12-17}
},

@online{crosbi,
  author = {Hrvatska znanstvena bibliografija CROSBI},
  url = {http://bib.irb.hr/},
  urldate = {2013-11-10}
},

@online{hascheck,
  author = {{Hrvatski akademski spelling checker}},
  url = {http://hacheck.tel.fer.hr/},
  urldate = {2014-01-28}
},

@inproceedings{dna_cruciforms,
	series = {37th Congress of IUPS},
	title = {Studying molecular physiology of DNA cruciforms with a coarse-grained computational model},
	booktitle = {Proceedings of The Physiological Society},
	author = { Matek, C. and Ouldridge, T. E. and Doye, J. P. and Louis, A. A.},
	year = {2013},
},

