@Online{ncbi_database_homosapiens,
	author = {NCBI database},
	title = {Homo sapiens (human) (Annotation Release 104)},
	howpublished = {http://www.ncbi.nlm.nih.gov/mapview/seq_reg.cgi?taxid=9606\&chr=1\&from=1\&to=249250621},
	urldate = {"rujan 2013."}
}
